@misc{dbengines,
    title = "Knowledge Base of Relational and NoSQL Database Management Systems",
    author = "DB-Engines",
    url = "https://db-engines.com/en/system/MySQL%3BOracle%3BPostgreSQL",
    urldate = "2017-06-04"
}

@misc{mysqllanguage,
	title = "MySQL Project Summary",
	author = "Black Duck Software",
	url = "https://www.openhub.net/p/mysql",
	urldate = "2017-06-05"
}

@misc{mysqleditions,
	title = "MySQL Editions",
	author = "Oracle Corporation",
	url = "https://www.mysql.com/products/",
	urldate = "2017-06-05"
}

@misc{mysql,
	title = "MySQL",
	author = "Oracle Corporation",
	url = "https://www.mysql.com/",
	urldate = "2017-06-05"
}


@misc{oracledb,
	title = "Oracle Database 12c",
	author = "Oracle Corporation",
	url = "https://www.oracle.com/database/index.html",
	urldate = "2017-06-05"
}

@misc{postgres,
	title = "PostgreSQL",
	author = "The PostgreSQL Global Development Group",
	url = "https://www.postgresql.org/",
	urldate = "2017-06-05"
}

@misc{dbcomparison,
	title = "Oracle vs. MySQL vs. SQL Server vs. PostGRESQL",
	author = "Liberty Center One",
	url = "https://www.libertycenterone.com/blog/oracle-vs-mysql-vs-sql-server-vs-postgresql-which-dbms-is-the-best-choice-for-you/",
	urldate = "2017-06-05"
}

@book{frameworks,
	title = "Java Frameworks and Components",
	author = "Michael Nash",
	publisher = "Cambridge University Press",
	year = 2003,
	isbn = "9780521520591"	
}

@misc{dropwizard,
	title = "Dropwizard",
	author = "Dropwizard Team",
	url = "http://www.dropwizard.io",
	urldate = "2017-06-05"
}

@misc{jetty,
	title = "Jetty",
	author = "The Eclipse Foundation",
	url = "http://www.eclipse.org/jetty/",
	urldate = "2017-06-05"
}

@misc{jersey,
	title = "Jersey",
	author = "Oracle Corporation",
	url = "https://jersey.github.io/",
	urldate = "2017-06-05"
}

@misc{jackson,
	title = "Jackson",
	author = "FasterXML",
	url = "https://github.com/FasterXML/jackson",
	urldate = "2017-06-05"
}

@misc{hibernate,
	title = "Hibernate ORM",
	author = "Red Hat",
	url = "http://hibernate.org/orm/",
	urldate = "2017-06-05"
}

@misc{googleapilibs,
	title = "Google API Client Library for Java",
	author = "Google",
	url = "https://developers.google.com/api-client-library/java/",
	urldate = "2017-06-05"
}

@misc{redis,
	title = "Redis",
	author = "Salvatore Sanfilippo",
	url = "https://redis.io/",
	urldate = "2017-06-05"
}
